@ARTICLE{SolarOrbiter2020,
       author = {{Forveille}, Thierry and {Shore}, Steve},
        title = "{The Solar Orbiter mission}",
      journal = {\aap},
         year = 2020,
        month = oct,
       volume = {642},
          eid = {E1},
        pages = {E1},
          doi = {10.1051/0004-6361/202039499},
       adsurl = {https://ui.adsabs.harvard.edu/abs/2020A&A...642E...1F},
      adsnote = {Provided by the SAO/NASA Astrophysics Data System}
}

