@article{root,
title = "ROOT â€” A C++ framework for petabyte data storage, statistical analysis and visualization",
journal = "Computer Physics Communications",
volume = "180",
number = "12",
pages = "2499 - 2512",
year = "2009",
note = "40 YEARS OF CPC: A celebratory issue focused on quality software for high performance, grid and novel computing architectures",
issn = "0010-4655",
doi = "https://doi.org/10.1016/j.cpc.2009.08.005",
url = "http://www.sciencedirect.com/science/article/pii/S0010465509002550",
author = "I. Antcheva and M. Ballintijn and B. Bellenot and M. Biskup and R. Brun and N. Buncic and Ph. Canal and D. Casadei and O. Couet and V. Fine and L. Franco and G. Ganis and A. Gheata and D. Gonzalez Maline and M. Goto and J. Iwaszkiewicz and A. Kreshuk and D. Marcos Segura and R. Maunder and L. Moneta and A. Naumann and E. Offermann and V. Onuchin and S. Panacek and F. Rademakers and P. Russo and M. Tadel",
keywords = "C++, Object-oriented, Framework, Interpreter, Data storage, Data analysis, Visualization",
}
